%Journal articles - latest first
@article{PaperE,
author = {Sciegaj, Adam and Grassl, Peter and Larsson, Fredrik and Runesson, Kenneth and Lundgren, Karin},
doi = {10.1016/j.ijsolstr.2020.07.006},
journal = {International Journal of Solids and Structures},
pages = {835--853},
keywords = {journal},
title = {{Upscaling of three-dimensional reinforced concrete representative volume elements to effective beam and plate models}},
volume = {202},
year = {2020}
}


@article{PaperC,
author = {Sciegaj, Adam and Larsson, Fredrik and Lundgren, Karin and Runesson, Kenneth},
doi = {10.1002/nme.6288},
journal = {International Journal for Numerical Methods in Engineering},
number = {8},
pages = {1822--1846},
keywords = {journal},
publisher = {John Wiley & Sons, Ltd},
title = {{On a volume averaged measure of macroscopic reinforcement slip in two-scale modeling of reinforced concrete}},
volume = {121},
year = {2020}
}


@article{PaperB,
author = {Sciegaj, Adam and Larsson, Fredrik and Lundgren, Karin and Nilenius, Filip and Runesson, Kenneth},
doi = {10.1007/s00466-018-1588-3},
journal = {Computational Mechanics},
number = {2},
pages = {139--158},
keywords = {journal},
title = {{A multiscale model for reinforced concrete with macroscopic variation of reinforcement slip}},
volume = {63},
year = {2019}
}

@article{PaperA,
author = {Sciegaj, Adam and Larsson, Fredrik and Lundgren, Karin and Nilenius, Filip and Runesson, Kenneth},
doi = {10.1002/nme.5776},
journal = {International Journal for Numerical Methods in Engineering},
number = {10},
pages = {1074--1102},
keywords = {journal},
title = {{Two-scale finite element modelling of reinforced concrete structures: Effective response and subscale fracture development}},
volume = {114},
year = {2018}
}




%%%Conference proceedings - peer reviewed
@inproceedings{Sciegaj2019nscm,
address = {Oulu},
author = {Sciegaj, Adam and Grassl, Peter and Larsson, Fredrik and Lundgren, Karin and Runesson, Kenneth},
booktitle = {32nd Nordic Seminar on Computational Mechanics},
editor = {Niemi, A. H.},
keywords = {proceeding},
title = {{On periodic boundary conditions in Variationally Consistent Homogenisation of beams and plates}},
year = {2019},
url={https://research.chalmers.se/publication/513260/file/513260_Fulltext.pdf}
}


@inproceedings{Sciegaj2019semc,
author = {Sciegaj, Adam and Mathern, Alexandre},
booktitle = {Advances in Engineering Materials, Structures and Systems: Innovations, Mechanics and Applications},
doi = {10.1201/9780429426506},
editor = {Zingoni, A.},
pages = {251--256},
keywords = {proceeding},
publisher = {CRC Press},
title = {{Two-scale modelling of reinforced concrete deep beams: Choice of unit cell and comparison with single-scale modelling}},
year = {2019}
}

@inproceedings{Sciegaj2019framcos,
address = {Bayonne},
author = {Sciegaj, Adam and Larsson, Fredrik and Lundgren, Karin and Runesson, Kenneth},
booktitle = {10th International Conference on Fracture Mechanics of Concrete and Concrete Structures},
doi = {10.21012/FC10.235337},
editor = {{Pijaudier-Cabot, G. and Grassl, P. and {La Borderie}, C.}},
keywords = {proceeding},
title = {{On the micro-to-macro transition of reinforcement slip in two-scale modelling}},
year = {2019}
}

@inproceedings{Sciegaj2016nscm,
address = {Gothenburg},
author = {Sciegaj, Adam and Larsson, Fredrik and Lundgren, Karin and Nilenius, Filip and Runesson, Kenneth},
booktitle = {29th Nordic Seminar on Computational Mechanics},
editor = {Larsson, Ragnar},
keywords = {proceeding},
title = {{Two-scale modelling of reinforced concrete}},
year = {2016},
url={http://publications.lib.chalmers.se/records/fulltext/248604/local_248604.pdf}
}



%%Theses/books

@book{Sciegaj2020phd,
author = {Sciegaj, Adam},
file = {:Users/adsci/Documents/PhD/Flerskal/References/Sciegaj - 2020 - Multiscale Modelling of Reinforced Concrete Structures.pdf:pdf},
isbn = {978-91-7905-238-6},
keywords = {thesis},
publisher = {PhD Thesis. Chalmers University of Technology},
title = {{Multiscale Modelling of Reinforced Concrete Structures}},
year = {2020},
url={https://research.chalmers.se/publication/515377/file/515377_Fulltext.pdf}
}

@book{Sciegaj2018Lic,
author = {Sciegaj, Adam},
keywords = {thesis},
publisher = {Licentiate Thesis. Chalmers University of Technology},
title = {{Multiscale Modelling of Reinforced Concrete}},
year = {2018},
url={https://research.chalmers.se/publication/500987/file/500987_Fulltext.pdf}
}

@book{Sciegaj2015Msc,
author = {Eliasson, Simon and Sciegaj, Adam},
keywords = {thesis},
publisher = {Master's Thesis. Chalmers University of Technology},
title = {{Design with Regard to Explosion - Response of a structural system and equivalent 2DOF model}},
year = {2015},
url={https://odr.chalmers.se/bitstream/20.500.12380/219302/1/219302.pdf}
}



%%Popular science/other
@article{Sciegaj2018bt,
author = {Sciegaj, Adam and Lundgren, Karin and Larsson, Fredrik and Nilenius, Filip and Runesson, Kenneth},
journal = {Bygg {\&} Teknik},
volume = {110},
number = {7},
pages = {46--48},
keywords = {misc},
year = {2018},
title = {{Ny metod f\"{o}}r sprickmodellering i armerad betong}}
}
